<record><leader>00000cas a22000007a 4500</leader><controlfield tag="001">18373012</controlfield><controlfield tag="008">880819d18871906mduwr ne      0    0eng d</controlfield><datafield ind1=" " ind2=" " tag="010"><subfield code="a">sn 88065051 </subfield></datafield><datafield ind1=" " ind2=" " tag="040"><subfield code="a">MFN</subfield><subfield code="b">eng</subfield><subfield code="c">MFN</subfield><subfield code="d">OCLCQ</subfield></datafield><datafield ind1=" " ind2=" " tag="042"><subfield code="a">msc</subfield></datafield><datafield ind1=" " ind2="4" tag="050"><subfield code="a">AP2</subfield><subfield code="b">.B32</subfield></datafield><datafield ind1="0" ind2="4" tag="245"><subfield code="a">The Baltimore telegram.</subfield></datafield><datafield ind1="1" ind2="3" tag="246"><subfield code="a">Telegram</subfield></datafield><datafield ind1=" " ind2=" " tag="260"><subfield code="a">Baltimore [Md.] :</subfield><subfield code="b">J. Young</subfield></datafield><datafield ind1=" " ind2=" " tag="300"><subfield code="a">v.</subfield></datafield><datafield ind1=" " ind2=" " tag="310"><subfield code="a">Weekly</subfield></datafield><datafield ind1="1" ind2=" " tag="362"><subfield code="a">Began Jan. 1887?</subfield></datafield><datafield ind1="0" ind2=" " tag="362"><subfield code="a">-v. 45, no. 52 (Dec. 29, 1906).</subfield></datafield><datafield ind1=" " ind2=" " tag="588"><subfield code="a">Description based on: Vol. 26, no. 22 (May 28, 1887).</subfield></datafield><datafield ind1=" " ind2=" " tag="752"><subfield code="a">United States</subfield><subfield code="b">Maryland</subfield><subfield code="d">Baltimore.</subfield></datafield><datafield ind1="0" ind2="0" tag="780"><subfield code="t">Telegram (Baltimore, Md. : 1878)</subfield><subfield code="w">(DLC)sn 84026866</subfield></datafield><datafield ind1="0" ind2="0" tag="785"><subfield code="t">Democratic telegram</subfield><subfield code="w">(DLC)sn 88065050</subfield></datafield><datafield ind1="1" ind2=" " tag="029"><subfield code="a">AU@</subfield><subfield code="b">000025826630</subfield></datafield></record>